
@misc{burger_influence_2021,
	type = {Blog},
	title = {The {Influence} of {Brain}-{Computer} {Interfaces} on {The} {World} {Wide} {Web}},
	url = {https://medium.com/nerd-for-tech/the-influence-of-brain-computer-interfaces-on-the-world-wide-web-f93a329816cd},
	language = {English},
	urldate = {2021-09-10},
	journal = {Nerd For Tech {\textbar} Medium},
	author = {Burger, Daniel},
	month = jul,
	year = {2021},
}
