@misc{IDUNTechnologies2021TheHumans,
    title = {{The Internet of Humans}},
    year = {2021},
    author = {{IDUN Technologies}},
    url = {https://iduntechnologies.ch/}
}